<record><leader>00000cas a22000007a 4500</leader><controlfield tag="001">15615614</controlfield><controlfield tag="008">870430d1913191ualuwr ne      0    0eng d</controlfield><datafield ind1=" " ind2=" " tag="010"><subfield code="a">sn 87050143 </subfield></datafield><datafield ind1=" " ind2=" " tag="040"><subfield code="a">AAR</subfield><subfield code="b">eng</subfield><subfield code="c">AAR</subfield><subfield code="d">CPN</subfield><subfield code="d">OCLCQ</subfield></datafield><datafield ind1=" " ind2=" " tag="042"><subfield code="a">msc</subfield></datafield><datafield ind1="0" ind2=" " tag="130"><subfield code="a">Spectator (Birmingham, Ala.)</subfield></datafield><datafield ind1="1" ind2="4" tag="245"><subfield code="a">The Spectator.</subfield></datafield><datafield ind1=" " ind2=" " tag="260"><subfield code="a">Birmingham, Ala. :</subfield><subfield code="b">[s.n.]</subfield></datafield><datafield ind1=" " ind2=" " tag="300"><subfield code="a">v.</subfield></datafield><datafield ind1=" " ind2=" " tag="310"><subfield code="a">Weekly</subfield></datafield><datafield ind1="1" ind2=" " tag="362"><subfield code="a">Began in 1913.</subfield></datafield><datafield ind1=" " ind2=" " tag="500"><subfield code="a">Editor: Geo. M. Howle, &lt;1914-1918&gt;.</subfield></datafield><datafield ind1=" " ind2=" " tag="588"><subfield code="a">Description based on: Vol. 2, no. 38 (Dec. 4, 1914).</subfield></datafield><datafield ind1=" " ind2=" " tag="752"><subfield code="a">United States</subfield><subfield code="b">Alabama</subfield><subfield code="c">Jefferson</subfield><subfield code="d">Birmingham.</subfield></datafield><datafield ind1="1" ind2=" " tag="029"><subfield code="a">AU@</subfield><subfield code="b">000025821603</subfield></datafield></record>